<record><leader>00000cas a2200000 a 4500</leader><controlfield tag="001">50957220</controlfield><controlfield tag="008">021108d19281971tnuwn ne     s0    0eng c</controlfield><datafield ind1=" " ind2=" " tag="010"><subfield code="a">sn2005062321</subfield></datafield><datafield ind1=" " ind2=" " tag="040"><subfield code="a">THM</subfield><subfield code="b">eng</subfield><subfield code="c">THM</subfield><subfield code="d">OCLCQ</subfield><subfield code="d">TGN</subfield><subfield code="d">OCLCQ</subfield><subfield code="d">OCLCF</subfield><subfield code="d">OCLCO</subfield></datafield><datafield ind1="1" ind2=" " tag="029"><subfield code="a">AU@</subfield><subfield code="b">000026851991</subfield></datafield><datafield ind1=" " ind2=" " tag="042"><subfield code="a">pcc</subfield></datafield><datafield ind1=" " ind2=" " tag="043"><subfield code="a">n-us-tn</subfield></datafield><datafield ind1=" " ind2=" " tag="090"><subfield code="a">LH1.U55X</subfield><subfield code="b">V65</subfield></datafield><datafield ind1="0" ind2="4" tag="245"><subfield code="a">The volette.</subfield></datafield><datafield ind1=" " ind2=" " tag="260"><subfield code="a">Martin, Tenn. :</subfield><subfield code="b">University of Tennessee Junior College,</subfield><subfield code="c">1928-1971.</subfield></datafield><datafield ind1=" " ind2=" " tag="300"><subfield code="a">v.</subfield></datafield><datafield ind1=" " ind2=" " tag="310"><subfield code="a">Weekly (during the academic year, except during holidays and exam periods),</subfield><subfield code="b">Oct. 8, 1963-May 26, 1971</subfield></datafield><datafield ind1=" " ind2=" " tag="321"><subfield code="a">Biweekly (during the academic year, except during holidays and exam periods),</subfield><subfield code="b">Nov. 10, 1929-May 17, 1963</subfield></datafield><datafield ind1=" " ind2=" " tag="321"><subfield code="a">Weekly (during the academic year, except during holidays and exam periods),</subfield><subfield code="b">Dec. 17, 1928-May 21, 1929</subfield></datafield><datafield ind1="0" ind2=" " tag="362"><subfield code="a">Vol. 1, no. 1 (Dec. 17, 1928)-v. 43, no. 28 (May 26, 1971).</subfield></datafield><datafield ind1=" " ind2=" " tag="550"><subfield code="a">Issues for Oct. 16, 1951-May 4, 1967 published by the University of Tennessee Martin Branch; May 11, 1967-May 26, 1971 by the University of Tennessee at Martin.</subfield></datafield><datafield ind1="2" ind2="0" tag="610"><subfield code="a">University of Tennessee (Knoxville campus).</subfield><subfield code="b">Martin Branch</subfield><subfield code="x">Students</subfield><subfield code="v">Newspapers.</subfield></datafield><datafield ind1="2" ind2="0" tag="610"><subfield code="a">University of Tennessee at Martin</subfield><subfield code="x">Students</subfield><subfield code="v">Newspapers.</subfield></datafield><datafield ind1=" " ind2="0" tag="651"><subfield code="a">Martin (Tenn.)</subfield><subfield code="v">Newspapers.</subfield></datafield><datafield ind1=" " ind2="0" tag="651"><subfield code="a">Weakley County (Tenn.)</subfield><subfield code="v">Newspapers.</subfield></datafield><datafield ind1=" " ind2="7" tag="655"><subfield code="a">Newspapers.</subfield><subfield code="2">fast</subfield><subfield code="0">(OCoLC)fst01423814</subfield></datafield><datafield ind1="2" ind2="7" tag="610"><subfield code="a">University of Tennessee at Martin.</subfield><subfield code="2">fast</subfield><subfield code="0">(OCoLC)fst00540202</subfield></datafield><datafield ind1="2" ind2="7" tag="610"><subfield code="a">University of Tennessee (Knoxville campus).</subfield><subfield code="b">Martin Branch.</subfield><subfield code="2">fast</subfield><subfield code="0">(OCoLC)fst00540199</subfield></datafield><datafield ind1=" " ind2="7" tag="650"><subfield code="a">Students.</subfield><subfield code="2">fast</subfield><subfield code="0">(OCoLC)fst01136041</subfield></datafield><datafield ind1=" " ind2="7" tag="651"><subfield code="a">Tennessee</subfield><subfield code="z">Martin.</subfield><subfield code="2">fast</subfield><subfield code="0">(OCoLC)fst01214701</subfield></datafield><datafield ind1=" " ind2="7" tag="651"><subfield code="a">Tennessee</subfield><subfield code="z">Weakley County.</subfield><subfield code="2">fast</subfield><subfield code="0">(OCoLC)fst01210110</subfield></datafield><datafield ind1="2" ind2=" " tag="710"><subfield code="a">University of Tennessee (Knoxville campus).</subfield><subfield code="b">Martin Branch.</subfield></datafield><datafield ind1="2" ind2=" " tag="710"><subfield code="a">University of Tennessee at Martin.</subfield></datafield><datafield ind1=" " ind2=" " tag="752"><subfield code="a">United States</subfield><subfield code="b">Tennessee</subfield><subfield code="c">Weakley</subfield><subfield code="d">Martin.</subfield></datafield><datafield ind1="0" ind2="0" tag="785"><subfield code="t">Pacer</subfield><subfield code="w">(DLC)sn2005062320</subfield><subfield code="w">(OCoLC)50957347</subfield></datafield></record>